<record><leader>00000cas a22000007a 4500</leader><controlfield tag="001">14397803</controlfield><controlfield tag="008">861015c19229999paudn ne      0    0eng d</controlfield><datafield ind1=" " ind2=" " tag="010"><subfield code="a">sn 86083301 </subfield></datafield><datafield ind1=" " ind2=" " tag="040"><subfield code="a">NPH</subfield><subfield code="b">eng</subfield><subfield code="c">NPH</subfield><subfield code="d">NPW</subfield><subfield code="d">OCLCQ</subfield></datafield><datafield ind1=" " ind2=" " tag="042"><subfield code="a">msc</subfield></datafield><datafield ind1="0" ind2=" " tag="130"><subfield code="a">Daily news (Huntingdon, Pa.)</subfield></datafield><datafield ind1="1" ind2="4" tag="245"><subfield code="a">The daily news.</subfield></datafield><datafield ind1=" " ind2=" " tag="260"><subfield code="a">Huntingdon, Pa. :</subfield><subfield code="b">[s.n.],</subfield><subfield code="c">1922-</subfield></datafield><datafield ind1=" " ind2=" " tag="300"><subfield code="a">v.</subfield></datafield><datafield ind1=" " ind2=" " tag="310"><subfield code="a">Daily (except Sunday)</subfield></datafield><datafield ind1="0" ind2=" " tag="362"><subfield code="a">Vol. 1, no. 1 (Jan. 31, 1922)-</subfield></datafield><datafield ind1=" " ind2=" " tag="500"><subfield code="a">Editor: Joseph F. Biddle.</subfield></datafield><datafield ind1=" " ind2=" " tag="752"><subfield code="a">United States</subfield><subfield code="b">Pennsylvania</subfield><subfield code="c">Huntingdon</subfield><subfield code="d">Huntingdon.</subfield></datafield><datafield ind1="1" ind2=" " tag="029"><subfield code="a">AU@</subfield><subfield code="b">000025820490</subfield></datafield></record>